@article{ECommerceWebsWijaya2021,
  author = {Wijaya, I Gusti Ngurah Satria and Triandini, Evi and Kabnani, Ezra Tifanie Gabriela and Arifin, Syamsul},
  doi = {10.26594/register.v7i2.2266},
  issue = {2},
  journal = {Register: Jurnal Ilmiah Teknologi Sistem Informasi},
  month = {4},
  pages = {107},
  publisher = {Universitas Pesantren Tinggi Darul Ulum (Unipdu)},
  title = {E-commerce website service quality and customer loyalty using WebQual 4.0 with importance performances analysis, and structural equation model: An empirical study in Shopee},
  url = {http://dx.doi.org/10.26594/register.v7i2.2266},
  volume = {7},
  year = {2021},
}
@article{Talbot1999PublicP,
  title={Public Performance - towards a new model?},
  author={Colin Talbot},
  journal={Public Policy and Administration},
  year={1999},
  volume={14},
  pages={15 - 34}
}
@misc{BSCAnalogBibEntry2023Jun,
	title = {{History of the First Balanced Scorecard}},
  author = {Arthur M. Schneiderman},
	year = {2023},
	note = {[Online; accessed 18. Jun. 2023]},
	url = {https://web.archive.org/web/20131225101701/http://www.schneiderman.com/Concepts/The_First_Balanced_Scorecard/BSC_INTRO_AND_CONTENTS.htm}
}
@article{Kaplan2015TheBS,
  title={The balanced scorecard--measures that drive performance.},
  author={R. Kaplan and David P. Norton},
  journal={Harvard business review},
  year={2015},
  volume={70 1},
  pages={
          71-9
        }
}
@inproceedings{Qiu2020,
  doi = {10.2991/aebmr.k.200402.006},
  url = {https://doi.org/10.2991/aebmr.k.200402.006},
  year = {2020},
  publisher = {Atlantis Press},
  author = {Xuenan Qiu},
  title = {Application of Balanced Scorecard in E-Commerce Enterprise Performance Management{\textendash}Taking Alibaba Group as an Example},
  booktitle = {Proceedings of the 3rd International Conference on Advances in Management Science and Engineering ({IC}-{AMSE} 2020)}
}

@article{Frederico2020PerformanceMF,
  title={Performance measurement for supply chains in the Industry 4.0 era: a balanced scorecard approach},
  author={Guilherme Francisco Frederico and Jose Arturo Garza‚ÄêReyes and Anil Kumar and Vikas Kumar},
  journal={International Journal of Productivity and Performance Management},
  year={2020},
  doi={https://doi.org/10.1108/ijppm-08-2019-0400}
}

@article{Ali2021TheBS,
  title={The Balanced Scorecard's Evolution as a Strategic Mechanism at Banking Sectors},
  author={Bayad Jamal Ali and Govand Anwar},
  year={2021},
  journal={International Journal of English Literature and Social Sciences},
  doi={doi.org/10.22161/ijels.61.63}
}

@misc{BibEntry2021Nov,
	title = {{The Balanced Scorecard{\ifmmode---\else\textemdash\fi}Measures that Drive Performance}},
   author={R. Kaplan and David P. Norton},
	journal = {Harv. Bus. Rev.},
	year = {2021},
	month = nov,
	note = {Online; accessed 18. Jun. 2023},
	url = {https://hbr.org/1992/01/the-balanced-scorecard-measures-that-drive-performance-2}
}
@article{Rdiouat2021MeasuringAI,
  title={Measuring and improving information systems agility through the balanced scorecard approach},
  author={Yassine Rdiouat and Samir Bahsani and Mouhsine Lakhdissi and Alami Semma},
  journal={ArXiv},
  year={2021},
  volume={abs/2109.07281}
}
@article{Fabac2022,
  doi = {10.3390/su14159690},
  url = {https://doi.org/10.3390/su14159690},
  year = {2022},
  month = aug,
  publisher = {MDPI AG},
  volume = {14},
  number = {15},
  pages = {9690},
  author = {Robert Fabac},
  title = {Digital Balanced Scorecard System as a Supporting Strategy for Digital Transformation},
  journal = {Sustainability}
}
@inproceedings{Plessius2019ASI,
  title={A Study into the Classification of Enterprise Architecture Benefits},
  author={Henk Plessius and Marlies van Steenbergen},
  booktitle={Mediterranean Conference on Information Systems},
  year={2019}
}
@article{InternalEconomLiuS2022,
  author = {Liu, Shuangshuang},
  doi = {10.1155/2022/5071667},
  journal = {Discrete Dynamics in Nature and Society},
  language = {en},
  month = {6},
  pages = {1--13},
  publisher = {Hindawi Limited},
  title = {Internal Economic Management and Performance Evaluation Method of Enterprise Based on Balanced Scorecard},
  url = {http://dx.doi.org/10.1155/2022/5071667},
  volume = {2022},
  year = {2022},
}


@article{DesignScienceHevner2004,
  author = {Hevner, None and March, None and Park, None and Ram, None},
  doi = {10.2307/25148625},
  issue = {1},
  journal = {MIS Quarterly},
  pages = {75},
  publisher = {JSTOR},
  title = {Design Science in Information Systems Research},
  url = {http://dx.doi.org/10.2307/25148625},
  volume = {28},
  year = {2004},
}


@article{ComparativeAnaWaluyo2022,
  author = {Waluyo, Tri and Sutarman},
  doi = {10.24203/ijcit.v11i3.277},
  issue = {3},
  journal = {International Journal of Computer and Information Technology(2279-0764)},
  month = {8},
  publisher = {Asian Online Journals},
  title = {Comparative Analysis of the Performance of Single Sign-On Authentication Systems with OpenID and OAuth Protocols},
  url = {http://dx.doi.org/10.24203/ijcit.v11i3.277},
  volume = {11},
  year = {2022},
}


@article{sciarretta2020formal,
  title={Formal analysis of mobile multi-factor authentication with single sign-on login},
  doi={10.1145/3386685},
  author={Sciarretta, Giada and Carbone, Roberto and Ranise, Silvio and Vigan{\`o}, Luca},
  journal={ACM Transactions on Privacy and Security (TOPS)},
  volume={23},
  number={3},
  pages={1--37},
  year={2020},
  publisher={ACM New York, NY, USA}
}
@article{kyriakou2022complementing,
  title={Complementing JavaScript in High-Performance Node. js and Web Applications with Rust and WebAssembly},
  author={Kyriakou, Kyriakos-Ioannis D and Tselikas, Nikolaos D},
  journal={Electronics},
  volume={11},
  doi={10.3390/electronics11193217},
  number={19},
  pages={3217},
  year={2022},
  publisher={MDPI}
}
@article{ADynamicFederAlsade2022,
  author = {Alsadeh, Ahmad and Yatim, Nasri and Hassouneh, Yousef},
  doi = {10.3390/fi14110339},
  issue = {11},
  journal = {Future Internet},
  language = {en},
  month = {11},
  pages = {339},
  publisher = {MDPI AG},
  title = {A Dynamic Federated Identity Management Using OpenID Connect},
  url = {http://dx.doi.org/10.3390/fi14110339},
  volume = {14},
  year = {2022},
}


@article{Priyawati2022WebsiteVT,
  title={Website Vulnerability Testing and Analysis of Website Application Using OWASP},
  doi={10.29040/ijcis.v3i3.90},
  author={Diah Priyawati and Siti Rokhmah and Ihsan Cahyo Utomo},
  journal={International Journal of Computer and Information System (IJCIS)},
  year={2022}
}
@article{TheInfluenceOWirani2021,
  author = {Wirani, Yekti and Randi, Randi and Romadhon, Muh Syaiful and Suhendi, Suhendi},
  doi = {10.26594/register.v8i1.2327},
  issue = {1},
  journal = {Register: Jurnal Ilmiah Teknologi Sistem Informasi},
  month = {7},
  pages = {81},
  publisher = {Universitas Pesantren Tinggi Darul Ulum (Unipdu)},
  title = {The influence of familiarity and personal innovativeness on the acceptance of fintech lending services: A perspective from Indonesian borrowers},
  url = {http://dx.doi.org/10.26594/register.v8i1.2327},
  volume = {8},
  year = {2021},
}

@article{nurwarsito2023implementation,
  title={Implementation Failure Recovery Mechanism using VLAN ID in Software Defined Networks},
  author={Nurwarsito, Heru and Prasetyo, Galih},
  journal={International Journal of Advanced Computer Science and Applications},
  volume={14},
  number={1},
  year={2023},
  publisher={Science and Information (SAI) Organization Limited}
}

@article{shi2020openflow,
  title={An openflow-based load balancing strategy in SDN},
  author={Shi, Xiaojun and Li, Yangyang and Xie, Haiyong and Yang, Tengfei and Zhang, Linchao and Liu, Panyu and Zhang, Heng and Liang, Zhiyao},
  journal={Comput. Mater. Contin},
  volume={62},
  number={1},
  pages={385--398},
  year={2020}
}


@article{al2018improving,
  title={Improving LAN Performance Based on IEEE802. 1Q VLAN Switching Techniques},
  author={AL-Khaffaf, Dhurgham Abdulridha Jawad},
  journal={Journal of University of Babylon for Engineering Sciences},
  volume={26},
  number={1},
  pages={286--297},
  year={2018}
}

@article{WhatsDriveSomSatria2021,
  author = {Satria, Deki},
  doi = {10.26594/register.v7i2.2142},
  issue = {2},
  journal = {Register: Jurnal Ilmiah Teknologi Sistem Informasi},
  month = {5},
  pages = {164},
  publisher = {Universitas Pesantren Tinggi Darul Ulum (Unipdu)},
  title = {Whats drive someone to share their knowledge? Indonesia virtual community case},
  url = {http://dx.doi.org/10.26594/register.v7i2.2142},
  volume = {7},
  year = {2021},
}
