@article{ProgrammaticAdSamuel2021,
  author = {Samuel, Anthony and White, Gareth R.T. and Thomas, Robert and Jones, Paul},
  doi = {10.1016/j.chb.2020.106657},
  journal = {Computers in Human Behavior},
  language = {en},
  month = {3},
  pages = {106657},
  publisher = {Elsevier BV},
  title = {Programmatic advertising: An exegesis of consumer concerns},
  url = {http://dx.doi.org/10.1016/j.chb.2020.106657},
  volume = {116},
  year = {2021},
}

@article{putra2021programmatic,
  author = {Putra, Rakasiwi Permana and others, },
  journal = {Jurnal Studi Komunikasi},
  number = {3},
  pages = {812--838},
  title = {Programmatic: strategi efektif pemasangan iklan di era digital},
  volume = {5},
  year = {2021},
}
