@article{ECommerceWebsWijaya2021,
  author = {Wijaya, I Gusti Ngurah Satria and Triandini, Evi and Kabnani, Ezra Tifanie Gabriela and Arifin, Syamsul},
  doi = {10.26594/register.v7i2.2266},
  issue = {2},
  journal = {Register: Jurnal Ilmiah Teknologi Sistem Informasi},
  month = {4},
  pages = {107},
  publisher = {Universitas Pesantren Tinggi Darul Ulum (Unipdu)},
  title = {E-commerce website service quality and customer loyalty using WebQual 4.0 with importance performances analysis, and structural equation model: An empirical study in Shopee},
  url = {http://dx.doi.org/10.26594/register.v7i2.2266},
  volume = {7},
  year = {2021},
}
@article{murugesan2023study,
  title={A study of Artificial Intelligence impacts on Human Resource Digitalization in Industry 4.0},
  author={Murugesan, Umasankar and Subramanian, Padmavathy and Srivastava, Shefali and Dwivedi, Ashish},
  journal={Decision Analytics Journal},
  pages={100249},
  year={2023},
  publisher={Elsevier}
}

@article{TheInfluenceOWirani2021,
  author = {Wirani, Yekti and Randi, Randi and Romadhon, Muh Syaiful and Suhendi, Suhendi},
  doi = {10.26594/register.v8i1.2327},
  issue = {1},
  journal = {Register: Jurnal Ilmiah Teknologi Sistem Informasi},
  month = {7},
  pages = {81},
  publisher = {Universitas Pesantren Tinggi Darul Ulum (Unipdu)},
  title = {The influence of familiarity and personal innovativeness on the acceptance of fintech lending services: A perspective from Indonesian borrowers},
  url = {http://dx.doi.org/10.26594/register.v8i1.2327},
  volume = {8},
  year = {2021},
}

@article{nurwarsito2023implementation,
  title={Implementation Failure Recovery Mechanism using VLAN ID in Software Defined Networks},
  author={Nurwarsito, Heru and Prasetyo, Galih},
  journal={International Journal of Advanced Computer Science and Applications},
  volume={14},
  number={1},
  year={2023},
  publisher={Science and Information (SAI) Organization Limited}
}

@article{shi2020openflow,
  title={An openflow-based load balancing strategy in SDN},
  author={Shi, Xiaojun and Li, Yangyang and Xie, Haiyong and Yang, Tengfei and Zhang, Linchao and Liu, Panyu and Zhang, Heng and Liang, Zhiyao},
  journal={Comput. Mater. Contin},
  volume={62},
  number={1},
  pages={385--398},
  year={2020}
}


@article{al2018improving,
  title={Improving LAN Performance Based on IEEE802. 1Q VLAN Switching Techniques},
  author={AL-Khaffaf, Dhurgham Abdulridha Jawad},
  journal={Journal of University of Babylon for Engineering Sciences},
  volume={26},
  number={1},
  pages={286--297},
  year={2018}
}

@article{WhatsDriveSomSatria2021,
  author = {Satria, Deki},
  doi = {10.26594/register.v7i2.2142},
  issue = {2},
  journal = {Register: Jurnal Ilmiah Teknologi Sistem Informasi},
  month = {5},
  pages = {164},
  publisher = {Universitas Pesantren Tinggi Darul Ulum (Unipdu)},
  title = {Whats drive someone to share their knowledge? Indonesia virtual community case},
  url = {http://dx.doi.org/10.26594/register.v7i2.2142},
  volume = {7},
  year = {2021},
}
