@article{ECommerceWebsWijaya2021,
  author = {Wijaya, I Gusti Ngurah Satria and Triandini, Evi and Kabnani, Ezra Tifanie Gabriela and Arifin, Syamsul},
  doi = {10.26594/register.v7i2.2266},
  issue = {2},
  journal = {Register: Jurnal Ilmiah Teknologi Sistem Informasi},
  month = {4},
  pages = {107},
  publisher = {Universitas Pesantren Tinggi Darul Ulum (Unipdu)},
  title = {E-commerce website service quality and customer loyalty using WebQual 4.0 with importance performances analysis, and structural equation model: An empirical study in Shopee},
  url = {http://dx.doi.org/10.26594/register.v7i2.2266},
  volume = {7},
  year = {2021},
}
@article{DesignScienceHevner2004,
  author = {Hevner, None and March, None and Park, None and Ram, None},
  doi = {10.2307/25148625},
  issue = {1},
  journal = {MIS Quarterly},
  pages = {75},
  publisher = {JSTOR},
  title = {Design Science in Information Systems Research},
  url = {http://dx.doi.org/10.2307/25148625},
  volume = {28},
  year = {2004},
}
@article{Riyanto2023ComparativeMultiClass,
  title={Comparative Analysis using Various Performance Metrics in Imbalanced Data for Multi-class Text Classification},
  author={Slamet Riyanto and Imas Sukaesih Sitanggang and Taufik Djatna and Tika Dewi Atikah},
  journal={International Journal of Advanced Computer Science and Applications},
  year={2023},
  url={https://api.semanticscholar.org/CorpusID:259305313}
}

@article{ComparativeAnaWaluyo2022,
  author = {Waluyo, Tri and Sutarman},
  doi = {10.24203/ijcit.v11i3.277},
  issue = {3},
  journal = {International Journal of Computer and Information Technology(2279-0764)},
  month = {8},
  publisher = {Asian Online Journals},
  title = {Comparative Analysis of the Performance of Single Sign-On Authentication Systems with OpenID and OAuth Protocols},
  url = {http://dx.doi.org/10.24203/ijcit.v11i3.277},
  volume = {11},
  year = {2022},
}


@article{sciarretta2020formal,
  title={Formal analysis of mobile multi-factor authentication with single sign-on login},
  doi={10.1145/3386685},
  author={Sciarretta, Giada and Carbone, Roberto and Ranise, Silvio and Vigan{\`o}, Luca},
  journal={ACM Transactions on Privacy and Security (TOPS)},
  volume={23},
  number={3},
  pages={1--37},
  year={2020},
  publisher={ACM New York, NY, USA}
}
@article{kyriakou2022complementing,
  title={Complementing JavaScript in High-Performance Node. js and Web Applications with Rust and WebAssembly},
  author={Kyriakou, Kyriakos-Ioannis D and Tselikas, Nikolaos D},
  journal={Electronics},
  volume={11},
  doi={10.3390/electronics11193217},
  number={19},
  pages={3217},
  year={2022},
  publisher={MDPI}
}
@article{ADynamicFederAlsade2022,
  author = {Alsadeh, Ahmad and Yatim, Nasri and Hassouneh, Yousef},
  doi = {10.3390/fi14110339},
  issue = {11},
  journal = {Future Internet},
  language = {en},
  pages = {339},
  publisher = {MDPI AG},
  title = {A Dynamic Federated Identity Management Using OpenID Connect},
  url = {http://dx.doi.org/10.3390/fi14110339},
  volume = {14},
  year = {2022},
}


@article{Priyawati2022WebsiteVT,
  title={Website Vulnerability Testing and Analysis of Website Application Using OWASP},
  doi={10.29040/ijcis.v3i3.90},
  author={Diah Priyawati and Siti Rokhmah and Ihsan Cahyo Utomo},
  journal={International Journal of Computer and Information System (IJCIS)},
  year={2022}
}
@article{TheInfluenceOWirani2021,
  author = {Wirani, Yekti and Randi, Randi and Romadhon, Muh Syaiful and Suhendi, Suhendi},
  doi = {10.26594/register.v8i1.2327},
  issue = {1},
  journal = {Register: Jurnal Ilmiah Teknologi Sistem Informasi},
  month = {7},
  pages = {81},
  publisher = {Universitas Pesantren Tinggi Darul Ulum (Unipdu)},
  title = {The influence of familiarity and personal innovativeness on the acceptance of fintech lending services: A perspective from Indonesian borrowers},
  url = {http://dx.doi.org/10.26594/register.v8i1.2327},
  volume = {8},
  year = {2021},
}

@article{nurwarsito2023implementation,
  title={Implementation Failure Recovery Mechanism using VLAN ID in Software Defined Networks},
  author={Nurwarsito, Heru and Prasetyo, Galih},
  journal={International Journal of Advanced Computer Science and Applications},
  volume={14},
  number={1},
  year={2023},
  publisher={Science and Information (SAI) Organization Limited}
}

@article{shi2020openflow,
  title={An openflow-based load balancing strategy in SDN},
  author={Shi, Xiaojun and Li, Yangyang and Xie, Haiyong and Yang, Tengfei and Zhang, Linchao and Liu, Panyu and Zhang, Heng and Liang, Zhiyao},
  journal={Comput. Mater. Contin},
  volume={62},
  number={1},
  pages={385--398},
  year={2020}
}


@article{al2018improving,
  title={Improving LAN Performance Based on IEEE802. 1Q VLAN Switching Techniques},
  author={AL-Khaffaf, Dhurgham Abdulridha Jawad},
  journal={Journal of University of Babylon for Engineering Sciences},
  volume={26},
  number={1},
  pages={286--297},
  year={2018}
}

@article{WhatsDriveSomSatria2021,
  author = {Satria, Deki},
  doi = {10.26594/register.v7i2.2142},
  issue = {2},
  journal = {Register: Jurnal Ilmiah Teknologi Sistem Informasi},
  month = {5},
  pages = {164},
  publisher = {Universitas Pesantren Tinggi Darul Ulum (Unipdu)},
  title = {Whats drive someone to share their knowledge? Indonesia virtual community case},
  url = {http://dx.doi.org/10.26594/register.v7i2.2142},
  volume = {7},
  year = {2021},
}

@article{WhatsDriveSomSatria2021,
  author = {Satria, Deki},
  doi = {10.26594/register.v7i2.2142},
  issue = {2},
  journal = {Register: Jurnal Ilmiah Teknologi Sistem Informasi},
  month = {5},
  pages = {164},
  publisher = {Universitas Pesantren Tinggi Darul Ulum (Unipdu)},
  title = {Whats drive someone to share their knowledge? Indonesia virtual community case},
  url = {http://dx.doi.org/10.26594/register.v7i2.2142},
  volume = {7},
  year = {2021},
}

@article{Imanda2022DOESTR,
  doi ={10.18551/biotika.2022-01.02},
  title={DOES THE RUPIAH EXCHANGE, FDI AND GDP OF SINGAPORE EFFECT ON THE INDONESIAN ECONOMY THROUGH THE EXPORTS OF PETROLEUM OIL IN 2000-2020?},
  author={Antonio Imanda and Nyoman Djinar Setiawina},
  journal={Biotika},
  year={2022},
  url={https://api.semanticscholar.org/CorpusID:246887412}
}


@article{Putu_Agus_Pransuamitra_2022_NOV_cnbcindonesia,
	author	={Putu Agus Pransuamitra},
	title	={Ngeri! Kurs Dolar Singapura Tembus Rp 11.000/SGD},
	year	={2022},
	url	={https://www.cnbcindonesia.com/market/20221103094413-17-384783/ngeri-kurs-dolar-singapura-tembus-rp-11000-sg-}
	}

@article{Putu_Agus_Pransuamitra_2022_DEC_cnbcindonesia,
	author	={Putu Agus Pransuamitra},
	title	={Lagi, Kurs Dolar Singapura Cetak Rekor Termahal Dalam Sejarah},
	year	={2022},
	url	={https://www.cnbcindonesia.com/research/20221229121957-128-401136/lagi-kurs-dolar-singapura-cetak-rekor-termahal-dalam-sejarah}
	}


@article{Putu_Agus_Pransuamitra_2021_APRIL_cnbcindonesia,
	author	={Putu Agus Pransuamitra},
	title	={Rupiah vs Dolar Singapura di Kuartal I-2021, Ini Skornya!},
	year	={2021},
	url	={https://www.cnbcindonesia.com/market/20210401113249-17-234635/rupiah-vs-dolar-singapura-di-kuartal-i-2021-ini-skornya}
	}

@article{Putu_Agus_Pransuamitra_2022_MAY_cnbcindonesia,
	author	={Putu Agus Pransuamitra},
	title	={Kurs Dolar Singapura Liar Sejak Awal Pekan, Ini Penyebabnya!},
	year	={2022},
	url	={https://www.cnbcindonesia.com/market/20220511104720-17-338054/kurs-dolar-singapura-liar-sejak-awal-pekan-ini-penyebabnya}
	}

@article{Putu_Agus_Pransuamitra_2022_FEB_cnbcindonesia,
	author	={Putu Agus Pransuamitra},
	title	={Makin Mahal, Dolar Singapura Bisa Melesat ke Rp 11.000/SG},
	year	={2022},
	url	={https://www.cnbcindonesia.com/market/20220208100345-17-313667/makin-mahal-dolar-singapura-bisa-melesat-ke-rp-11000-sg-}
	}

@article{Putu_Agus_Pransuamitra_2022_AUG_cnbcindonesia,
	author	={Putu Agus Pransuamitra},
	title	={Ternyata sudah Sepekan Dolar Singapura Sulit Tembus Rp 10.600},
	year	={2022},
	url	={https://www.cnbcindonesia.com/market/20210812103850-17-267906/ternyata-sudah-sepekan-dolar-singapura-sulit-tembus-rp-10600}
	}